@mastersthesis{windahl_real_time_2018,
	title={Real-time rendering of volumetric clouds},
	author={Fredrik H{\"a}ggstr{\"o}m},
	year={2018},
	url={\url{https://api.semanticscholar.org/CorpusID:49429466}}
	note = {Дата доступа: 2024-10-07}
}

@book{rodgers1989algorithms,
	author    = {Д. Роджерс},
	title     = {Алгоритмические основы машинной графики},
	year      = {1989},
	publisher = {Мир},
	address   = {Москва},
}

@book{ushakov,
	author    = {Д.Н. Ушаков},
	title     = {Толковый словарь русского языка: В 4-х томах},
	publisher = {Государственный институт <<Советская энциклопедия>>},
	year      = {1935--1940},
	address   = {Москва}
}

@misc{kurov2024lections,
	howpublished = {Конспект лекций по дисциплине <<Компьютерная графика>>},
	author = {Куров А.В.},
	year = {2024 год.},
}
@misc{guerrilla_volumetric_cloudscapes_2023,
	author       = {{Guerrilla Games}},
	title        = {The Real-Time Volumetric Cloudscapes of Horizon Zero Dawn},
	year         = {2023},
	url          = {\url{https://www.guerrilla-games.com/read/the-real-time-volumetric-cloudscapes-of-horizon-zero-dawn}},
	note         = {Дата доступа: 2024-10-07}
}

@misc{sym10040125,
	title = {Efficient Algorithms for Real-Time GPU Volumetric Cloud Rendering with Enhanced Geometry},
	author = {Jiménez de Parga and Carlos and Gómez Palomo and Sebastián Rubén},
	year = {2022},
	url = {\url{https://doi.org/10.3390/sym10040125}},
	note = {Дата доступа: 2024-11-27}
}

@misc{unigine_volumetric_clouds_2022,
	title = {Волюметрические облака в UNIGINE2},
	author = {UNIGINE},
	year = {2022},
	url = {\url{https://habr.com/ru/companies/unigine/articles/721458}},
	note = {Дата доступа: 2024-11-27}
}

@misc{hirnschall_perlin_2024,
	title = {Perlin Noise: What is it, and how to use it},
	year = {2024},
	url = {\url{https://blog.hirnschall.net/perlin-noise/}},
	note = {Дата доступа: 2024-12-08}
}

@misc{bird2013techniques,
	author = {K. Bird and T. Dickerson and J. George},
	title = {Techniques for Fractal Terrain Generation},
	year = {2013},
	url = {\url{web.williams.edu/Mathematics/sjmiller/public_html/hudson/Dickerson_Terrain.pdf}},
	note = {HRUMC Presentation}
}

@misc{thebookofshaders_cellular_noise_2024,
	title = {More Noise: Cellular Noise},
	year = {2024},
	url = {\url{https://thebookofshaders.com/12/}},
	note = {Дата доступа: 2024-12-08}
}


@mastersthesis{andersson2020,
	author = {Johan Pettersson},
	title = {Real-time rendering and
	dynamics of sparse voxel octree
	clouds},
	school = {Lund University},
	year = {2020},
	note = {\url{https://lup.lub.lu.se/luur/download?func=downloadFile&recordOId=9024774&fileOId=9024775}}
}
@mastersthesis{Patapom2013,
	title = {Real-time Volumetric Rendering},
	year = {2013},
	note = {\url{http://patapom.com/topics/Revision2013/Revision%202013%20-%20Real-time%20Volumetric%20Rendering%20Course%20Notes.pdf}}
}

@mastersthesis{shadows2023,
	title = {Efficient Cloud-Based Rendering of Real-TimeVolumetric Clouds},
	year = {2013},
	author = {A. Weinrauch and S. Lorbek and W. Tatzgern and P. Stadlbauer and M. Steinberg},
	url = {\url{https://diglib.eg.org/bitstream/handle/10.2312/hpg20231138/077-088.pdf}}
}

@misc{rust2024,
	title        = {The Rust Programming Language},
	year         = {2024},
	url          = {\url{https://doc.rust-lang.org/}},
	note         = {Дата обращения: 2024-11-27},
}

@misc{egui2024,
	title        = {egui: A simple, fast, and portable GUI library for Rust},
	year         = {2024},
	url          = {\url{https://github.com/emilk/egui}},
	note         = {Дата обращения: 2024-11-27},
}

@online{huawei,
	author       = {Huawei},
	title        = {Huawei Matebook 14},
	year         = {2024},
	url          = {\url{https://consumer.huawei.com/en/laptops/matebook-14-2024/}},
	urldate      = {2024-10-06},
	note         = {Дата обращения: 06.10.2024}
}

@misc{intel_technical_specs,
	author       = {{Intel Corporation}},
	title        = {Intel® Core™ Ultra 5 Processor 125H},
	year         = {2024},
	url          = {\url{https://www.intel.com/content/www/us/en/support/ru-banner-inside.html}},
	note         = {Дата обращения: 2024-11-05}
}

@misc{rust_cargo,
	title        = {Cargo -- the Rust package manager. },
	year         = {2024},
	url          = {\url{https://doc.rust-lang.org/cargo/}},
	note         = {Дата обращения: 2024-12-10}
}

@misc{rust_cargo_test,
	title        = {cargo-test - Execute unit and integration tests of a package},
	year         = {2024},
	url          = {\url{https://doc.rust-lang.org/cargo/commands/cargo-test.html}},
	note         = {Дата обращения: 2024-12-10}
}


@misc{rust_cargo_tarpaulin,
	title        = {Cargo-Tarpaulin is a tool to determine code coverage achieved via tests},
	year         = {2024},
	url          = {\url{https://docs.rs/crate/cargo-tarpaulin/0.6.11}},
	note         = {Дата обращения: 2024-12-10}
}

@misc{rust_rayon,
	title        = {Rayon -- data-parallelism library},
	year         = {2024},
	url          = {\url{https://docs.rs/rayon/latest/rayon/}},
	note         = {Дата обращения: 2024-12-10}
}

